%مراجع خود را در این قسمت وارد کنید.
@online{farsbase,
	title={FarsBase-KBP: A Knowledge Base Population System for the Persian Knowledge Graph},
	author={M. Asgari Bidhendi, B. Janfada, B. Minaei Bidgoli},
	year={2020},
	eprint={2005.01879},
	archivePrefix={arXiv},
	primaryClass={cs.CL}
}

@inproceedings{persian_graph,
	author = {سیدمحمدباقر سجادی, بهروز مینایی بیدگلی, مجید عسگری بیدهندی، علی هادیان},
	title = {ايجاد گراف دانش فارسي چند دامنه ای},
	booktitle = {پنجمين همايش مديران فناوری اطلاعات},
	publisher = {پژوهشگاه علوم و فناوری اطلاعات ايران و نهاد رياست جمهوری},
	year = {1396},
	url = {https://www.civilica.com/Paper-ITMANC05-ITMANC05_004.html},
	LANGUAGE={Persian}
}

@inproceedings{persian_seq2seq,
	author = {سجاد قنبری‌نسب},
	title = {طراحی و پیاده‌سازی سیستم پرسش و پاسخ سوالات چندگزینه‌ای فارسی},
	publisher = { دانشگاه صنعتی امیرکبیر, دانشکده مهندسی کامپیوتر و فناوری اطلاعات},
	year = {1398},
	LANGUAGE={Persian}
}

@inproceedings{sutskever2014seq2seq,
	title={Sequence to Sequence Learning with Neural Networks},
	author={I. Sutskever, O. Vinyals, Q. V. Le},
	booktitle={Advances in Neural Information Processing Systems (NIPS) 27},
	pages={3104--3112},
	year={2014}
}


@inproceedings{yoon2014conv,
	title={Convolutional Neural Networks for Sentence Classification},
	author={Y. Kim},
	publisher={Association for Computational Linguistics},
	booktitle={Proceedings of the 2014 Conference on Empirical Methods in Natural Language Processing (EMNLP)},
	pages={1746--1751},
	year={2014}
}


@article{seni2010ensemble,
	title={Ensemble Methods in Data Mining: Improving Accuracy Through Combining Predictions},
	author={G. Seni, J. F. Elder},
	journal={Synthesis Lectures on Data Mining and Knowledge Discovery},
	volume={2},
	number={1},
	year={2010}
}


@inproceedings{huang2019KGembedding,
	title={Knowledge Graph Embedding Based Question Answering},
	author={X. Huang, J. Zhang, D. Li, P. Li},
	booktitle={The Twelfth ACM International Conference},
	pages={105--113},
	year={2019}
}


@inproceedings{unger2012tembased,
	title={Template-based question answering over RDF data},
	author={C. Unger, L. Bühmann, J. Lehmann, A. Ngonga Ngomo, D. Gerber, P. Cimiano},
	booktitle={Proceedings of the 21st international conference on World Wide Web},
	pages={639--648},
	year={2012}
}

@inproceedings{sorokin2017endtoendweak,
	title={End-to-end Representation Learning for Question Answering with Weak Supervision},
	author={D. Sorokin, I. Gurevych},
	booktitle={Semantic Web Evaluation Challenge, Springer},
	pages={72--78},
	year={2017}
}

@inproceedings{mohammed2018strongbaseline,
	title={Strong Baselines for Simple Question Answering over Knowledge Graphs with and without Neural Networks},
	author={S. Mohammed, P. Shi, J. Lin},
	booktitle={Proceedings of the 2018 Conference of the North American},
	pages={72--78},
	year={2018}
}

@inproceedings{zafar2018formalquery,
	title={Formal Query Generation for Question Answering over Knowledge Bases},
	author={H. Zafar, G. Napolitano, J. Lehmann},
	booktitle={European Semantic Web Conference, Springer},
	year={2018}
}

@inproceedings{lan2019kbtopic,
	title={Knowledge Base Question Answering with Topic Units},
	author={Y. Lan, S. Wang, J. Jiang},
	booktitle={Proceedings of the Twenty-Eighth International
	Joint Conference on Artificial Intelligence},
	pages={5046--5052},
	year={2019}
}

@inproceedings{yini2016neuralgenerative,
	title={Neural Generative Question Answering},
	author={J. Yin, X. Jiang, Z. Lu, L. Shang, H. Li, X. Li},
	booktitle={Proceedings of the Workshop on Human-Computer Question Answering},
	publisher={Association for Computational Linguistics},
	pages={5046--5052},
	year={2016}
}


@book{pressman2019software,
	title={Software Engineering: A Practitioner's Approach},
	author={R. S. Pressman},
	year={2019},
	publisher={McGraw-Hill Education},
	edition = {9}
}

@misc{patel2019mnist,
	author = {K. Patel},
	title = {MNIST Handwritten Digits Classification using a Convolutional Neural Network (CNN)},
	month = september,
	year = {2019},
	howpublished={\url{https://towardsdatascience.com}}
}
